<?xml version="1.0" encoding="UTF-8"?><record xmlns="http://www.loc.gov/MARC21/slim" xmlns:cinclude="http://apache.org/cocoon/include/1.0" xmlns:zs="http://www.loc.gov/zing/srw/">
  <leader>00511cz  a2200133n  4500</leader>
  <controlfield tag="001">n  96066330 </controlfield>
  <controlfield tag="003">DLC</controlfield>
  <controlfield tag="005">19960709094341.3</controlfield>
  <controlfield tag="008">960708n| acannaab|          |a ana |||  </controlfield>
  <datafield tag="010" ind1=" " ind2=" ">
    <subfield code="a">n  96066330 </subfield>
  </datafield>
  <datafield tag="040" ind1=" " ind2=" ">
    <subfield code="a">DLC</subfield>
    <subfield code="c">DLC</subfield>
    <subfield code="d">DLC</subfield>
  </datafield>
  <datafield tag="110" ind1="2" ind2="0">
    <subfield code="a">Administrat︠s︡ii︠a︡ Lenskogo raĭona Arkhangelʹskoĭ oblasti</subfield>
  </datafield>
  <datafield tag="410" ind1="1" ind2="0">
    <subfield code="a">Lenskiĭ raĭon (Russia).</subfield>
    <subfield code="b">Administrat︠s︡ii︠a︡</subfield>
  </datafield>
  <datafield tag="670" ind1=" " ind2=" ">
    <subfield code="a">Vychegodskiĭ kraĭ v istorii Rossii, 1994:</subfield>
    <subfield code="b">t.p. (Administrat︠s︡ii︠a︡ Lenskogo raĭona Arkhangelʹskoĭ oblasti)</subfield>
  </datafield>
</record>